@article{toomre,
    author = {A. Toomre{,} J. Toomre},
    title = {Galactic Bridges and Tails},
    year = {1972},
    journal = {Astrophysical Journal},
    volume = {178},
    pages = {623-666}
}

@article{alavi,
    author = {M. Alavi and H. Razmi},
    title = {On the tidal evolution and tails formation of disc galaxies},
    year = {2015},
    journal = {Astrophysics and Space Science},
    volume = 360,
    number = 26
}

@misc{tadpole,
    title = {Tadpole's Tidal Tail},
    howpublished = {\url{https://www.nasa.gov/multimedia/imagegallery/image_feature_573.html}},
    note = {Accessed: 21 March 2020},
    author = {B. Dunbar}
}

@article{keenan,
    title = {Numerical investigation of galactic tidal effects on spherical stellar systems},
    author = {D. W. Keenan and K. A. Innanen},
    year = {1975},
    journal = {Astronomical Journal},
    volume = 80,
    pages = {290-302}
}

@misc{three_body,
    title = {Circular Restricted Three-Body Problem},
    howpublished = {\url{http://farside.ph.utexas.edu/teaching/336k/Newtonhtml/node120.html}},
    year = {2011},
    author = {R. Fitzpatrick},
    note = {Accessed: 24 March 2020}
}

@misc{lecture,
    title = {{NST 1B Physics B (2019/2020) Dynamics: Handout II}},
    month = {January},
    year = {2019},
    author = {M. C. Payne}
}